@article{jabary2024seeing,
  title={Seeing Through the Mask: Rethinking Adversarial Examples for CAPTCHAs},
  author={Jabary, Yahya and Plesner, Andreas and Kuzhagaliyev, Turlan and Wattenhofer, Roger},
  journal={arXiv preprint arXiv:2409.05558},
  year={2024}
}

% 
% computational geometry stuff
% 

@article{seidel1998nature,
  title={The nature and meaning of perturbations in geometric computing},
  author={Seidel, Raimund},
  journal={Discrete \& Computational Geometry},
  volume={19},
  pages={1--17},
  year={1998},
  publisher={Springer}
}
@book{de2000computational,
  title={Computational geometry: algorithms and applications},
  author={De Berg, Mark},
  year={2000},
  publisher={Springer Science \& Business Media}
}
@article{edelsbrunner2002topological,
  title={Topological persistence and simplification},
  author={Edelsbrunner and Letscher and Zomorodian},
  journal={Discrete \& computational geometry},
  volume={28},
  pages={511--533},
  year={2002},
  publisher={Springer}
}
@inproceedings{edelsbrunner2001sink,
  title={Sink-insertion for mesh improvement},
  author={Edelsbrunner, Herbert and Guoy, Damrong},
  booktitle={Proceedings of the seventeenth annual symposium on Computational geometry},
  pages={115--123},
  year={2001}
}
@article{edelsbrunner1990simulation,
  title={Simulation of simplicity: a technique to cope with degenerate cases in geometric algorithms},
  author={Edelsbrunner, Herbert and M{\"u}cke, Ernst Peter},
  journal={ACM Transactions on Graphics (tog)},
  volume={9},
  number={1},
  pages={66--104},
  year={1990},
  publisher={ACM New York, NY, USA}
}
@article{levy2016robustness,
  title={Robustness and efficiency of geometric programs: The Predicate Construction Kit (PCK)},
  author={L{\'e}vy, Bruno},
  journal={Computer-Aided Design},
  volume={72},
  pages={3--12},
  year={2016},
  publisher={Elsevier}
}
@article{franklin2022implementing,
  title={Implementing Simulation of Simplicity for geometric degeneracies},
  author={Franklin, W Randolph and de Magalh{\~a}es, Salles Viana Gomes},
  journal={arXiv preprint arXiv:2212.08226},
  year={2022}
}
@article{schorn1993axiomatic,
  title={An axiomatic approach to robust geometric programs},
  author={Schorn, Peter},
  journal={Journal of symbolic computation},
  volume={16},
  number={2},
  pages={155--165},
  year={1993},
  publisher={Elsevier}
}

%
% motivation
%

@ARTICLE{9099439,
  author={Sadeghi, Koosha and Banerjee, Ayan and Gupta, Sandeep K. S.},
  journal={IEEE Transactions on Emerging Topics in Computational Intelligence}, 
  title={A System-Driven Taxonomy of Attacks and Defenses in Adversarial Machine Learning}, 
  year={2020},
  volume={4},
  number={4},
  pages={450-467},
  keywords={Taxonomy;Machine learning;Robustness;Security;Observers;Machine learning algorithms;Computational intelligence;Computational intelligence (CI);adversarial machine learning;supervised learning;attack model;defense model},
  doi={10.1109/TETCI.2020.2968933}
}
@article{Khadka2022ResilientML,
  title={Resilient Machine Learning in Space Systems: Pose Estimation as a Case Study},
  author={Anita Khadka and Saurav Sthapit and Gregory Epiphaniou and Carsten Maple},
  journal={2022 IEEE Aerospace Conference (AERO)},
  year={2022},
  pages={1-9},
  url={https://api.semanticscholar.org/CorpusID:251472990}
}
@inproceedings{yilmaz2021privacy,
  title={Privacy protection of grid users data with blockchain and adversarial machine learning},
  author={Yilmaz, Ibrahim and Kapoor, Kavish and Siraj, Ambareen and Abouyoussef, Mahmoud},
  booktitle={proceedings of the 2021 ACM workshop on secure and trustworthy cyber-physical systems},
  pages={33--38},
  year={2021}
}
@inproceedings{apruzzese2023real,
  title={“real attackers don't compute gradients”: bridging the gap between adversarial ml research and practice},
  author={Apruzzese, Giovanni and Anderson, Hyrum S and Dambra, Savino and Freeman, David and Pierazzi, Fabio and Roundy, Kevin},
  booktitle={2023 IEEE Conference on Secure and Trustworthy Machine Learning (SaTML)},
  pages={339--364},
  year={2023},
  organization={IEEE}
}
@article{kumar2020legal,
  title={Legal risks of adversarial machine learning research},
  author={Kumar, Ram Shankar Siva and Penney, Jonathon and Schneier, Bruce and Albert, Kendra},
  journal={arXiv preprint arXiv:2006.16179},
  year={2020}
}
@inproceedings{Cao2020HateGANAG,
  title={HateGAN: Adversarial Generative-Based Data Augmentation for Hate Speech Detection},
  author={Rui Cao and Roy Ka-Wei Lee},
  booktitle={International Conference on Computational Linguistics},
  year={2020},
  url={https://api.semanticscholar.org/CorpusID:227230383}
}
@article{Nurseitov2022ApplicationOM,
  title={Application of machine learning methods to detect and classify Core images using GAN and texture recognition},
  author={Daniyar B. Nurseitov and Kairat A. Bostanbekov and Galymzhan Abdimanap and Abdelrahman Abdallah and Anel N. Alimova and Darkhan Kurmangaliyev},
  journal={ArXiv},
  year={2022},
  volume={abs/2204.14224},
  url={https://api.semanticscholar.org/CorpusID:265674547}
}
@article{Zolotukhin2022AttacksAM,
  title={Attacks against Machine Learning Models in 5G Networks},
  author={Mikhail Zolotukhin and Di Zhang and Parsa Miraghaie and Timo H{\"a}m{\"a}l{\"a}inen and Wang Ke and Marja Dunderfelt},
  journal={2022 6th European Conference on Electrical Engineering \& Computer Science (ELECS)},
  year={2022},
  pages={106-114},
  url={https://api.semanticscholar.org/CorpusID:259102662}
}

%
% intro
%

@article{szegedy2013intriguing,
  title={Intriguing properties of neural networks},
  author={Szegedy, C},
  journal={arXiv preprint arXiv:1312.6199},
  year={2013}
}
@article{zhang2019adversarial,
  title={Adversarial examples: Opportunities and challenges},
  author={Zhang, Jiliang and Li, Chen},
  journal={IEEE transactions on neural networks and learning systems},
  volume={31},
  number={7},
  pages={2578--2593},
  year={2019},
  publisher={IEEE}
}
@inproceedings{korkmaz2023detecting,
  title={Detecting adversarial directions in deep reinforcement learning to make robust decisions},
  author={Korkmaz, Ezgi and Brown-Cohen, Jonah},
  booktitle={International Conference on Machine Learning},
  pages={17534--17543},
  year={2023},
  organization={PMLR}
}
@article{Han2022TextAA,
  title={Text Adversarial Attacks and Defenses: Issues, Taxonomy, and Perspectives},
  author={Xuechun Han and Ying Zhang and Wei Wang and Bin Wang},
  journal={Security and Communication Networks},
  year={2022},
  url={https://api.semanticscholar.org/CorpusID:248369346}
}
@inproceedings{rajaratnam2018noise,
  title={Noise flooding for detecting audio adversarial examples against automatic speech recognition},
  author={Rajaratnam, Krishan and Kalita, Jugal},
  booktitle={2018 IEEE International Symposium on Signal Processing and Information Technology (ISSPIT)},
  pages={197--201},
  year={2018},
  organization={IEEE}
}
@article{Bai2018AdversarialEC,
  title={Adversarial Examples Construction Towards White-Box Q Table Variation in DQN Pathfinding Training},
  author={XiaoXuan Bai and Wenjia Niu and Jiqiang Liu and Xu Gao and Yingxiao Xiang and Jingjing Liu},
  journal={2018 IEEE Third International Conference on Data Science in Cyberspace (DSC)},
  year={2018},
  pages={781-787},
  url={https://api.semanticscholar.org/CorpusID:49895854}
}
@inproceedings{eisenhofer2023no,
  title={No more Reviewer\# 2: Subverting Automatic $\{$Paper-Reviewer$\}$ Assignment using Adversarial Learning},
  author={Eisenhofer, Thorsten and Quiring, Erwin and M{\"o}ller, Jonas and Riepel, Doreen and Holz, Thorsten and Rieck, Konrad},
  booktitle={32nd USENIX Security Symposium (USENIX Security 23)},
  pages={5109--5126},
  year={2023}
}
@article{capozzi2024adversarial,
  title={Adversarial Attacks against Binary Similarity Systems},
  author={Capozzi, Gianluca and D’Elia, Daniele Cono and Di Luna, Giuseppe Antonio and Querzoni, Leonardo},
  journal={IEEE Access},
  year={2024},
  publisher={IEEE}
}
@article{Kashyap2024AdversarialAA,
  title={Adversarial Attacks and Defenses in Deep Learning},
  author={Swati Kashyap and Akshay Sharma and Savit Gautam and Rishabh Sharma and Sneha Chauhan and Simran},
  journal={2024 International Conference on Emerging Innovations and Advanced Computing (INNOCOMP)},
  year={2024},
  pages={318-323},
  url={https://api.semanticscholar.org/CorpusID:272716335}
}
@article{browne2020semantics,
  title={Semantics and explanation: why counterfactual explanations produce adversarial examples in deep neural networks},
  author={Browne, Kieran and Swift, Ben},
  journal={arXiv preprint arXiv:2012.10076},
  year={2020}
}
@article{Khaleel2024AdversarialAI,
  title={Adversarial Attacks in Machine Learning: Key Insights and Defense Approaches},
  author={Yahya Layth Khaleel and Mustafa Abdulfattah Habeeb and Hussein Alnabulsi},
  journal={Applied Data Science and Analysis},
  year={2024},
  url={https://api.semanticscholar.org/CorpusID:272000855}
}
@article{garg2020bae,
  title={Bae: Bert-based adversarial examples for text classification},
  author={Garg, Siddhant and Ramakrishnan, Goutham},
  journal={arXiv preprint arXiv:2004.01970},
  year={2020}
}
@article{Li2022ASO,
  title={A Survey of Defense Methods Against Adversarial Examples},
  author={Yishan Li and Yanming Guo and Yuxiang Xie and Qi Wang},
  journal={2022 8th International Conference on Big Data and Information Analytics (BigDIA)},
  year={2022},
  pages={453-460},
  url={https://api.semanticscholar.org/CorpusID:252165991}
}
@article{li2022review,
  title={A review of adversarial attack and defense for classification methods},
  author={Li, Yao and Cheng, Minhao and Hsieh, Cho-Jui and Lee, Thomas CM},
  journal={The American Statistician},
  volume={76},
  number={4},
  pages={329--345},
  year={2022},
  publisher={Taylor \& Francis}
}
@inproceedings{li2019nattack,
  title={Nattack: Learning the distributions of adversarial examples for an improved black-box attack on deep neural networks},
  author={Li, Yandong and Li, Lijun and Wang, Liqiang and Zhang, Tong and Gong, Boqing},
  booktitle={International Conference on Machine Learning},
  pages={3866--3876},
  year={2019},
  organization={PMLR}
}
@article{zheng2023black,
  title={Black-box targeted adversarial attack on segment anything (sam)},
  author={Zheng, Sheng and Zhang, Chaoning and Hao, Xinhong},
  journal={arXiv preprint arXiv:2310.10010},
  year={2023}
}
@article{meng2020geometry,
  title={A geometry-inspired attack for generating natural language adversarial examples},
  author={Meng, Zhao and Wattenhofer, Roger},
  journal={arXiv preprint arXiv:2010.01345},
  year={2020}
}
@article{yang2024assessing,
  title={Assessing Adversarial Robustness of Large Language Models: An Empirical Study},
  author={Yang, Zeyu and Meng, Zhao and Zheng, Xiaochen and Wattenhofer, Roger},
  journal={arXiv preprint arXiv:2405.02764},
  year={2024}
}

%
% imperceptibliity
%

@article{theis2024makes,
  title={What makes an image realistic?},
  author={Theis, Lucas},
  journal={arXiv preprint arXiv:2403.04493},
  year={2024}
}
@article{lee2020semantics,
  title={Semantics-preserving adversarial training},
  author={Lee, Wonseok and Lee, Hanbit and Lee, Sang-goo},
  journal={arXiv preprint arXiv:2009.10978},
  year={2020}
}
@article{dia2019semantics,
  title={Semantics Preserving Adversarial Learning},
  author={Dia, Ousmane Amadou and Barshan, Elnaz and Babanezhad, Reza},
  journal={arXiv preprint arXiv:1903.03905},
  year={2019}
}
@incollection{herel2023preserving,
  title={Preserving semantics in textual adversarial attacks},
  author={Herel, David and Cisneros, Hugo and Mikolov, Tomas},
  booktitle={ECAI 2023},
  pages={1036--1043},
  year={2023},
  publisher={IOS Press}
}
@article{elsayed2018adversarial,
  title={Adversarial examples that fool both computer vision and time-limited humans},
  author={Elsayed, Gamaleldin and Shankar, Shreya and Cheung, Brian and Papernot, Nicolas and Kurakin, Alexey and Goodfellow, Ian and Sohl-Dickstein, Jascha},
  journal={Advances in neural information processing systems},
  volume={31},
  year={2018}
}
@article{cubuk2017intriguing,
  title={Intriguing properties of adversarial examples},
  author={Cubuk, Ekin D and Zoph, Barret and Schoenholz, Samuel S and Le, Quoc V},
  journal={arXiv preprint arXiv:1711.02846},
  year={2017}
}
@inproceedings{ning2023hflic,
  title={HFLIC: Human Friendly Perceptual Learned Image Compression with Reinforced Transform},
  author={Ning, Peirong and Jiang, Wei and Wang, Ronggang},
  booktitle={2023 International Conference on Communications, Computing and Artificial Intelligence (CCCAI)},
  pages={188--194},
  year={2023},
  organization={IEEE}
}
@inproceedings{careil2023towards,
  title={Towards image compression with perfect realism at ultra-low bitrates},
  author={Careil, Marlene and Muckley, Matthew J and Verbeek, Jakob and Lathuili{\`e}re, St{\'e}phane},
  booktitle={The Twelfth International Conference on Learning Representations},
  year={2023}
}
@article{veerabadran2023subtle,
  title={Subtle adversarial image manipulations influence both human and machine perception},
  author={Veerabadran, Vijay and Goldman, Josh and Shankar, Shreya and Cheung, Brian and Papernot, Nicolas and Kurakin, Alexey and Goodfellow, Ian and Shlens, Jonathon and Sohl-Dickstein, Jascha and Mozer, Michael C and others},
  journal={Nature Communications},
  volume={14},
  number={1},
  pages={4933},
  year={2023},
  publisher={Nature Publishing Group UK London}
}
@inproceedings{chen2023imperceptible,
  title={Imperceptible adversarial attack via invertible neural networks},
  author={Chen, Zihan and Wang, Ziyue and Huang, Jun-Jie and Zhao, Wentao and Liu, Xiao and Guan, Dejian},
  booktitle={Proceedings of the AAAI Conference on Artificial Intelligence},
  volume={37},
  number={1},
  pages={414--424},
  year={2023}
}
@inproceedings{mcguire2023neural,
  title={Do neural networks trained with topological features learn different internal representations?},
  author={McGuire, Sarah and Jackson, Shane and Emerson, Tegan and Kvinge, Henry},
  booktitle={NeurIPS Workshop on Symmetry and Geometry in Neural Representations},
  pages={122--136},
  year={2023},
  organization={PMLR}
}
@article{murphy2024correcting,
  title={Correcting Biased Centered Kernel Alignment Measures in Biological and Artificial Neural Networks},
  author={Murphy, Alex and Zylberberg, Joel and Fyshe, Alona},
  journal={arXiv preprint arXiv:2405.01012},
  year={2024}
}
@article{bansal2021revisiting,
  title={Revisiting model stitching to compare neural representations},
  author={Bansal, Yamini and Nakkiran, Preetum and Barak, Boaz},
  journal={Advances in neural information processing systems},
  volume={34},
  pages={225--236},
  year={2021}
}
@article{Agafonov2022AnEO,
  title={An Experiment on Localization of Ontology Concepts in Deep Convolutional Neural Networks},
  author={Anton Agafonov and Andrew Ponomarev},
  journal={Proceedings of the 11th International Symposium on Information and Communication Technology},
  year={2022},
  url={https://api.semanticscholar.org/CorpusID:254045293}
}
@article{Agafonov2022LocalizationOO,
  title={Localization of Ontology Concepts in Deep Convolutional Neural Networks},
  author={Anton Agafonov and Andrew Ponomarev},
  journal={2022 IEEE International Multi-Conference on Engineering, Computer and Information Sciences (SIBIRCON)},
  year={2022},
  pages={160-165},
  url={https://api.semanticscholar.org/CorpusID:256215614}
}
@article{bangaru2022interpreting,
  title={Interpreting Bias in the Neural Networks: A Peek Into Representational Similarity},
  author={Bangaru, Gnyanesh and Baru, Lalith Bharadwaj and Chakravarthula, Kiran},
  journal={arXiv preprint arXiv:2211.07774},
  year={2022}
}
@article{huh2024platonic,
  title={The platonic representation hypothesis},
  author={Huh, Minyoung and Cheung, Brian and Wang, Tongzhou and Isola, Phillip},
  journal={arXiv preprint arXiv:2405.07987},
  year={2024}
}
@inproceedings{moosavi2017universal,
  title={Universal adversarial perturbations},
  author={Moosavi-Dezfooli, Seyed-Mohsen and Fawzi, Alhussein and Fawzi, Omar and Frossard, Pascal},
  booktitle={Proceedings of the IEEE conference on computer vision and pattern recognition},
  pages={1765--1773},
  year={2017}
}
@article{geirhos2021partial,
  title={Partial success in closing the gap between human and machine vision},
  author={Geirhos, Robert and Narayanappa, Kantharaju and Mitzkus, Benjamin and Thieringer, Tizian and Bethge, Matthias and Wichmann, Felix A and Brendel, Wieland},
  journal={Advances in Neural Information Processing Systems},
  volume={34},
  pages={23885--23899},
  year={2021}
}

%
% mental models
%

@inproceedings{zhang2019theoretically,
  title={Theoretically principled trade-off between robustness and accuracy},
  author={Zhang, Hongyang and Yu, Yaodong and Jiao, Jiantao and Xing, Eric and El Ghaoui, Laurent and Jordan, Michael},
  booktitle={International conference on machine learning},
  pages={7472--7482},
  year={2019},
  organization={PMLR}
}
@article{Jha2018DetectingAE,
  title={Detecting Adversarial Examples Using Data Manifolds},
  author={Susmit Jha and Uyeong Jang and Somesh Jha and Borhan Jalaeian},
  journal={MILCOM 2018 - 2018 IEEE Military Communications Conference (MILCOM)},
  year={2018},
  pages={547-552},
  url={https://api.semanticscholar.org/CorpusID:57376324}
}
@article{Sha2020ADA,
  title={A Defensive Approach against Adversarial Examples Based on Manifold Learning},
  author={Wei Sha and Yigui Luo and Yisi Wang and Zhongming Pan},
  journal={2020 IEEE 3rd International Conference on Computer and Communication Engineering Technology (CCET)},
  year={2020},
  pages={167-171},
  url={https://api.semanticscholar.org/CorpusID:222222557}
}
@article{dube2018high,
  title={High dimensional spaces, deep learning and adversarial examples},
  author={Dube, Simant},
  journal={arXiv preprint arXiv:1801.00634},
  year={2018}
}
@article{shamir2021dimpled,
  title={The dimpled manifold model of adversarial examples in machine learning},
  author={Shamir, Adi and Melamed, Odelia and BenShmuel, Oriel},
  journal={arXiv preprint arXiv:2106.10151},
  year={2021}
}
@article{Alatwi2023RealismVP,
  title={Realism versus Performance for Adversarial Examples Against DL-based NIDS},
  author={Huda Ali Alatwi and Charles Morisset},
  journal={Proceedings of the 38th ACM/SIGAPP Symposium on Applied Computing},
  year={2023},
  url={https://api.semanticscholar.org/CorpusID:259099406}
}
@inproceedings{dyrmishi2023empirical,
  title={On the empirical effectiveness of unrealistic adversarial hardening against realistic adversarial attacks},
  author={Dyrmishi, Salijona and Ghamizi, Salah and Simonetto, Thibault and Le Traon, Yves and Cordy, Maxime},
  booktitle={2023 IEEE symposium on security and privacy (SP)},
  pages={1384--1400},
  year={2023},
  organization={IEEE}
}
@article{khoury2018geometry,
  title={On the geometry of adversarial examples},
  author={Khoury, Marc and Hadfield-Menell, Dylan},
  journal={arXiv preprint arXiv:1811.00525},
  year={2018}
}
@article{engstrom2019a,
  author = {Engstrom, Logan and Gilmer, Justin and Goh, Gabriel and Hendrycks, Dan and Ilyas, Andrew and Madry, Aleksander and Nakano, Reiichiro and Nakkiran, Preetum and Santurkar, Shibani and Tran, Brandon and Tsipras, Dimitris and Wallace, Eric},
  title = {A Discussion of 'Adversarial Examples Are Not Bugs, They Are Features'},
  journal = {Distill},
  year = {2019},
  note = {https://distill.pub/2019/advex-bugs-discussion},
  doi = {10.23915/distill.00019}
}
@article{raghunathan2018certified,
  title={Certified defenses against adversarial examples},
  author={Raghunathan, Aditi and Steinhardt, Jacob and Liang, Percy},
  journal={arXiv preprint arXiv:1801.09344},
  year={2018}
}
@inproceedings{wong2018provable,
  title={Provable defenses against adversarial examples via the convex outer adversarial polytope},
  author={Wong, Eric and Kolter, Zico},
  booktitle={International conference on machine learning},
  pages={5286--5295},
  year={2018},
  organization={PMLR}
}
@article{xiao2018training,
  title={Training for faster adversarial robustness verification via inducing relu stability},
  author={Xiao, Kai Y and Tjeng, Vincent and Shafiullah, Nur Muhammad and Madry, Aleksander},
  journal={arXiv preprint arXiv:1809.03008},
  year={2018}
}
@inproceedings{cohen2019certified,
  title={Certified adversarial robustness via randomized smoothing},
  author={Cohen, Jeremy and Rosenfeld, Elan and Kolter, Zico},
  booktitle={international conference on machine learning},
  pages={1310--1320},
  year={2019},
  organization={PMLR}
}
@article{fawzi2018adversarial,
  title={Adversarial vulnerability for any classifier},
  author={Fawzi, Alhussein and Fawzi, Hamza and Fawzi, Omar},
  journal={Advances in neural information processing systems},
  volume={31},
  year={2018}
}
@inproceedings{mahloujifar2019curse,
  title={The curse of concentration in robust learning: Evasion and poisoning attacks from concentration of measure},
  author={Mahloujifar, Saeed and Diochnos, Dimitrios I and Mahmoody, Mohammad},
  booktitle={Proceedings of the AAAI Conference on Artificial Intelligence},
  volume={33},
  number={01},
  pages={4536--4543},
  year={2019}
}
@article{shafahi2018adversarial,
  title={Are adversarial examples inevitable?},
  author={Shafahi, Ali and Huang, W Ronny and Studer, Christoph and Feizi, Soheil and Goldstein, Tom},
  journal={arXiv preprint arXiv:1809.02104},
  year={2018}
}
@article{gilmer2018adversarial,
  title={Adversarial spheres},
  author={Gilmer, Justin and Metz, Luke and Faghri, Fartash and Schoenholz, Samuel S and Raghu, Maithra and Wattenberg, Martin and Goodfellow, Ian},
  journal={arXiv preprint arXiv:1801.02774},
  year={2018}
}
@article{madry2017towards,
  title={Towards deep learning models resistant to adversarial attacks},
  author={Madry, Aleksander},
  journal={arXiv preprint arXiv:1706.06083},
  year={2017}
}
@article{schmidt2018adversarially,
  title={Adversarially robust generalization requires more data},
  author={Schmidt, Ludwig and Santurkar, Shibani and Tsipras, Dimitris and Talwar, Kunal and Madry, Aleksander},
  journal={Advances in neural information processing systems},
  volume={31},
  year={2018}
}
@article{tanay2016boundary,
  title={A boundary tilting persepective on the phenomenon of adversarial examples},
  author={Tanay, Thomas and Griffin, Lewis},
  journal={arXiv preprint arXiv:1608.07690},
  year={2016}
}
@article{kim2019bridging,
  title={Bridging adversarial robustness and gradient interpretability},
  author={Kim, Beomsu and Seo, Junghoon and Jeon, Taegyun},
  journal={arXiv preprint arXiv:1903.11626},
  year={2019}
}
@article{fawzi2016robustness,
  title={Robustness of classifiers: from adversarial to random noise},
  author={Fawzi, Alhussein and Moosavi-Dezfooli, Seyed-Mohsen and Frossard, Pascal},
  journal={Advances in neural information processing systems},
  volume={29},
  year={2016}
}
@article{ford2019adversarial,
  title={Adversarial examples are a natural consequence of test error in noise},
  author={Ford, Nic and Gilmer, Justin and Carlini, Nicolas and Cubuk, Dogus},
  journal={arXiv preprint arXiv:1901.10513},
  year={2019}
}
@inproceedings{lecuyer2019certified,
  title={Certified robustness to adversarial examples with differential privacy},
  author={Lecuyer, Mathias and Atlidakis, Vaggelis and Geambasu, Roxana and Hsu, Daniel and Jana, Suman},
  booktitle={2019 IEEE symposium on security and privacy (SP)},
  pages={656--672},
  year={2019},
  organization={IEEE}
}
@article{goodfellow2014explaining,
  title={Explaining and harnessing adversarial examples},
  author={Goodfellow, Ian J and Shlens, Jonathon and Szegedy, Christian},
  journal={arXiv preprint arXiv:1412.6572},
  year={2014}
}
@inproceedings{athalye2018obfuscated,
  title={Obfuscated gradients give a false sense of security: Circumventing defenses to adversarial examples},
  author={Athalye, Anish and Carlini, Nicholas and Wagner, David},
  booktitle={International conference on machine learning},
  pages={274--283},
  year={2018},
  organization={PMLR}
}
@inproceedings{bubeck2019adversarial,
  title={Adversarial examples from computational constraints},
  author={Bubeck, S{\'e}bastien and Lee, Yin Tat and Price, Eric and Razenshteyn, Ilya},
  booktitle={International Conference on Machine Learning},
  pages={831--840},
  year={2019},
  organization={PMLR}
}
@article{nakkiran2019adversarial,
  title={Adversarial robustness may be at odds with simplicity},
  author={Nakkiran, Preetum},
  journal={arXiv preprint arXiv:1901.00532},
  year={2019}
}
@misc{kilcher2021dimpled,
  author = {Yannic Kilcher},
  title = {{The Dimpled Manifold Model of Adversarial Examples in Machine Learning (Research Paper Explained)}},
  howpublished = "\url{https://www.youtube.com/watch?v=k_hUdZJNzkU/}",
  year = {2021}, 
  note = "[Online; accessed 17-July-2024]"
}
@misc{kilcher2021dimpledcode,
  author = {Yannic Kilcher},
  title = {{Dimpled Manifold Counter Example}},
  howpublished = "\url{https://gist.github.com/yk/de8d987c4eb6a39b6d9c08f0744b1f64/}",
  year = {2021}, 
  note = "[Online; accessed 17-July-2024]"
}
@misc{karner2023dimpled,
  author = {Lukas Karner},
  title = {{The Dimpled Manifold Revisited}},
  howpublished = "\url{https://github.com/LukasKarner/dimpled-manifolds/}",
  year = {2023}, 
  note = "[Online; accessed 17-July-2024]"
}
@article{ilyas2019adversarial,
  title={Adversarial examples are not bugs, they are features},
  author={Ilyas, Andrew and Santurkar, Shibani and Tsipras, Dimitris and Engstrom, Logan and Tran, Brandon and Madry, Aleksander},
  journal={Advances in neural information processing systems},
  volume={32},
  year={2019}
}

$
$ countermeasures
$

@inproceedings{croce2021robustbench,
  title     = {{RobustBench: a standardized adversarial robustness benchmark}},
  author    = {Croce, Francesco and Andriushchenko, Maksym and Sehwag, Vikash and Debenedetti, Edoardo and Flammarion, Nicolas and Chiang, Mung and Mittal, Prateek and Hein, Matthias},
  booktitle = {Thirty-fifth Conference on Neural Information Processing Systems Datasets and Benchmarks Track},
  year      = {2021},
  url       = {https://openreview.net/forum?id=SSKZPJCt7B}
}
@article{Ou2022ChineseAE,
  title={Chinese adversarial examples generation approach with multi-strategy based on semantic},
  author={Hongxu Ou and Long Yu and Sheng Tian and Xin Chen},
  journal={Knowledge and Information Systems},
  year={2022},
  volume={64},
  pages={1101 - 1119},
  url={https://api.semanticscholar.org/CorpusID:247542812}
}
@inproceedings{araujo2020advocating,
  title={Advocating for multiple defense strategies against adversarial examples},
  author={Araujo, Alexandre and Meunier, Laurent and Pinot, Rafael and Negrevergne, Benjamin},
  booktitle={Joint European Conference on Machine Learning and Knowledge Discovery in Databases},
  pages={165--177},
  year={2020},
  organization={Springer}
}
@article{KokaljFilipovic2019AdversarialEI,
  title={Adversarial Examples in RF Deep Learning: Detection and Physical Robustness},
  author={Silvija Kokalj-Filipovic and Rob Miller and Garrett M. Vanhoy},
  journal={2019 IEEE Global Conference on Signal and Information Processing (GlobalSIP)},
  year={2019},
  pages={1-5},
  url={https://api.semanticscholar.org/CorpusID:210971684}
}
@article{Li2023wAdvMTDAM,
  title={wAdvMTD: A Mitigation to White-box Adversarial Examples Using Heterogeneous Models and Moving Target Defense},
  author={Yuanpei Li and Qinglei Zhou and Shibo Li and Bin Li},
  journal={2023 3rd Asia-Pacific Conference on Communications Technology and Computer Science (ACCTCS)},
  year={2023},
  pages={592-597},
  url={https://api.semanticscholar.org/CorpusID:259122131}
}
@article{feng2020towards,
  title={Towards Robust Classification with Image Quality Assessment},
  author={Feng, Yeli and Cai, Yiyu},
  journal={arXiv preprint arXiv:2004.06288},
  year={2020}
}
@article{Wang2023DeepFC,
  title={Deep Fusion: Crafting Transferable Adversarial Examples and Improving Robustness of Industrial Artificial Intelligence of Things},
  author={Yajie Wang and Yu-an Tan and Thar Baker and Neeraj Kumar and Quan-xin Zhang},
  journal={IEEE Transactions on Industrial Informatics},
  year={2023},
  volume={19},
  pages={7480-7488},
  url={https://api.semanticscholar.org/CorpusID:248359267}
}
@inproceedings{ji2023benchmarking,
  title={Benchmarking and Analyzing Robust Point Cloud Recognition: Bag of Tricks for Defending Adversarial Examples},
  author={Ji, Qiufan and Wang, Lin and Shi, Cong and Hu, Shengshan and Chen, Yingying and Sun, Lichao},
  booktitle={Proceedings of the IEEE/CVF International Conference on Computer Vision},
  pages={4295--4304},
  year={2023}
}
@article{Ren2022VulnerabilityAR,
  title={Vulnerability Analysis, Robustness Verification, and Mitigation Strategy for Machine Learning-Based Power System Stability Assessment Model Under Adversarial Examples},
  author={Chao Ren and Xiaoning Du and Yan Xu and Qun Song and Yang Liu and Rui Tan},
  journal={IEEE Transactions on Smart Grid},
  year={2022},
  volume={13},
  pages={1622-1632},
  url={https://api.semanticscholar.org/CorpusID:245103286}
}
@article{Zhao2023EITGANAT,
  title={EITGAN: A Transformation-based Network for recovering adversarial examples},
  author={Junjie Zhao and Junfeng Wu and James Msughter Adeke and Guangjie Liu and Yue-wei Dai},
  journal={Electronic Research Archive},
  year={2023},
  url={https://api.semanticscholar.org/CorpusID:264180609}
}
@article{Adeke2023SecuringNT,
  title={Securing Network Traffic Classification Models against Adversarial Examples Using Derived Variables},
  author={James Msughter Adeke and Guangjie Liu and Junjie Zhao and Nannan Wu and Hafsat Muhammad Bashir},
  journal={Future Internet},
  year={2023},
  volume={15},
  pages={405},
  url={https://api.semanticscholar.org/CorpusID:266389288}
}
@article{Doss2023GeneratingAD,
  title={Generating and Defending Against Adversarial Examples for Loan Eligibility Prediction},
  author={Lourdu Mahimai Doss and Dr. M. Gunasekaran and India Puducherry},
  journal={2023 International Conference on System, Computation, Automation and Networking (ICSCAN)},
  year={2023},
  pages={1-6},
  url={https://api.semanticscholar.org/CorpusID:267260150}
}
@article{Rakhimberdina2022StrengtheningRU,
  title={Strengthening Robustness Under Adversarial Attacks Using Brain Visual Codes},
  author={Zarina Rakhimberdina and Xin Liu and Tsuyoshi Murata},
  journal={IEEE Access},
  year={2022},
  volume={10},
  pages={96149-96158},
  url={https://api.semanticscholar.org/CorpusID:252393135}
}
@article{xie2024fermi,
  title={Fermi-Bose Machine},
  author={Xie, Mingshan and Wang, Yuchen and Huang, Haiping},
  journal={arXiv preprint arXiv:2404.13631},
  year={2024}
}
@article{fort2024ensemble,
  title={Ensemble everything everywhere: Multi-scale aggregation for adversarial robustness},
  author={Fort, Stanislav and Lakshminarayanan, Balaji},
  journal={arXiv preprint arXiv:2408.05446},
  year={2024}
}

%
% methodology
%




@inproceedings{plesner2024breaking,
  title={Breaking reCAPTCHAv2},
  author={Plesner, Andreas and Vontobel, Tobias and Wattenhofer, Roger},
  booktitle={48th IEEE International Conference on Computers, Software, and Applications (COMPSAC 2024)},
  year={2024},
  organization={IEEE}
}

@inproceedings {218395,
  author = {James Mickens},
  title = {Q: Why Do Keynote Speakers Keep Suggesting That Improving Security Is Possible? A: Because Keynote Speakers Make Bad Life Decisions and Are Poor Role Models},
  booktitle = {27th USENIX Security Symposium (USENIX Security 18)},
  year = {2018},
  isbn = {978-1-939133-04-5},
  address = {Baltimore, MD},
  url = {https://www.usenix.org/conference/usenixsecurity18/presentation/mickens},
  publisher = {USENIX Association},
  month = aug
}
